@book{LamportLeslie1994L:ad,
    author = {Lamport, Leslie},
    title = {\LaTeX : a document preparation system: user's guide and reference manual},
    publisher = {Addison-Wesley Pub.},
    address   = "{Praha}",
    year = {1994},
    edition = {2nd ed.},
    ISBN = {0-201-52983-1},
}

@MastersThesis{KyselakAntonin,
    author = {Kyselák, Antonín},
    title = {Revizní systém pro \LaTeX},
    school = {Vysoké učení technické v Brně. Fakulta informačních technologií},
    year = {2012},
    type = {Diplomová práce},
}

@MastersThesis{SokolMiroslav2012OLe,
    author = {Sokol, Miroslav},
    title = {Online \LaTeX ~editor},
    school = {Vysoké učení technické v Brně. Fakulta informačních technologií},
    year = {2012},
    type = {Diplomová práce},
}

@Inbook{VanDongenM.R.C.2012LaF,
    author = {Van Dongen, M. R. C.},
    title = {\LaTeX ~and Friends},
    chapter = {Introduction to \LaTeX},
    pages = {3\,--\,6 },
    publisher = {Springer Berlin Heidelberg},
    address   = {Berlin, Heidelberg},
    year = {2012},
    ISBN = {978-3-642-23815-4},
}

@Misc{Vojtech,
	author = {Vojtěch Hordějčuk},
	title = {Základy jazyka \LaTeX},
	howpublished = {[online]},
	note = {[vid. 2021-04-14]},
	url = {http://voho.eu/wiki/latex/},
}

@Misc{Zelenka,
	author = {Petr Zelenka},
	title = {Beamer: \LaTeX ~na prezentace},
	howpublished = {[online]},
	year = {rev. 28.srpna.2006},
	note = {[vid. 2021-04-17]},
	url = {https://cutt.us/rH0XI},
}

@Article{Polasek,
    title = {Graphics tools in \LaTeX},
	author = {Polásek, Vladimír and Sedlácek, Lubomír},
	journal = {Journal of Technology and Information Education},
	volume = {4},
	number = {2},
	pages = {84\,--\,89},
	year = {2012},
	ISSN = {1803537X},
}

@Misc{DMartinek,
	author = {David Martinek},
	title = {Jak citovat jiné autory},
	howpublished = {[online]},
	year = {rev. 24. Února 2008},
	note = {[vid. 2021-04-13]},
	url = {http://www.fit.vutbr.cz/~martinek/latex/citace.html#04},
}

@InProceedings{BakerJ.B,
    author={Baker, J.B. and Sexton, A.P. and Sorge, V.},
    editor={Jeuring, Johan and Campbell, John A. and Carette, Jacques and Dos Reis, Gabriel and Sojka, Petr and Wenzel, Makarius and Sorge, Volker},
    title={MaxTract: Converting PDF to \LaTeX , MathML and Text},
    booktitle={Intelligent Computer Mathematics},
    year={2012},
    publisher={Springer Berlin Heidelberg},
    address={Berlin, Heidelberg},
    pages={422\,--\,426},
    ISBN={978-3-642-31374-5}
}


@InProceedings{Armano,
    author={Armano, T. and Capietto, A. and Coriasco, S. and Murru, N. and Ruighi, A. and Taranto, E.},
    editor={Miesenberger, Klaus and Kouroupetroglou, Georgios},
    title={An Automatized Method Based on \LaTeX ~for the Realization of Accessible PDF Documents Containing Formulae},
    booktitle={Computers Helping People with Special Needs},
    year={2018},
    publisher={Springer International Publishing},
    address={Cham},
    pages={583\,--\,589},
    ISBN={978-3-319-94277-3}
}
